<?xml version="1.0" encoding="UTF-8"?><record xmlns="http://www.loc.gov/MARC21/slim" xmlns:cinclude="http://apache.org/cocoon/include/1.0" xmlns:zs="http://www.loc.gov/zing/srw/">
  <leader>00560nz  a2200157n  4500</leader>
  <controlfield tag="001">no2007060011</controlfield>
  <controlfield tag="003">DLC</controlfield>
  <controlfield tag="005">20070601075318.0</controlfield>
  <controlfield tag="008">070524n| acannaabn          |a aaa     c</controlfield>
  <datafield tag="010" ind1=" " ind2=" ">
    <subfield code="a">no2007060011</subfield>
  </datafield>
  <datafield tag="035" ind1=" " ind2=" ">
    <subfield code="a">(OCoLC)oca07423611</subfield>
  </datafield>
  <datafield tag="040" ind1=" " ind2=" ">
    <subfield code="a">FU</subfield>
    <subfield code="b">eng</subfield>
    <subfield code="c">FU</subfield>
  </datafield>
  <datafield tag="100" ind1="1" ind2=" ">
    <subfield code="a">Dobrovsky, T. M.</subfield>
    <subfield code="q">(Todor Manoloff),</subfield>
    <subfield code="d">1904-</subfield>
  </datafield>
  <datafield tag="400" ind1="1" ind2=" ">
    <subfield code="a">Dobrovsky, Todor Manoloff,</subfield>
    <subfield code="d">1904-</subfield>
  </datafield>
  <datafield tag="670" ind1=" " ind2=" ">
    <subfield code="a">Control of insect pests of crucifers and Irish potatoes in the Hastings area, 1955:</subfield>
    <subfield code="b">caption (T.M. Dobrovsky)</subfield>
  </datafield>
  <datafield tag="670" ind1=" " ind2=" ">
    <subfield code="a">OCLC, May 24, 2007</subfield>
    <subfield code="b">(hdg.: Dobrovsky, T. M. (Todor Manoloff), 1904-</subfield>
  </datafield>
</record>